@article{book:lwse,
	author  = "Marcin Bis",
	title   = "Linux w systemach embedded",
	year    = "BTC 2011"
},

@misc{web:bis-org-pl,
	author = "Marcin Bis",
	title = "Linux w systemach embeded",
	year = "2013",
	howpublished = "\url{http://bis.org.pl/en:start}",
	note = "[Online; access 2017-01-01]"
},

@misc{web:whois-elinux,
    howpublished = "\url{https://who.is/whois/elinux.org}"
},

@misc{web:riker,
    howpublished = "\url{http://rikers.org}"
}

@misc{web:elinux-placeholder,
    howpublished = "\url{https://web.archive.org/web/20010721180347/elinux.org}"
}

@misc{web:elinux-moinmoin,
    howpublished = "\url{https://web.archive.org/web/20030220110526/http://www.elinux.org:80/wiki/}"
}

@misc{web:linuxfoundation-celp,
    howpublished = "\url{https://www.linuxfoundation.org/projects/core-embedded-linux}"
}

@misc{web:sesja-linuksowa,
    howpublished = "\url{sesja.linuksowa.pl}"
}

@misc{web:bis-szkolenia,
    howpublished = "\url{http://www.bis-linux.com/szkolenia}"
}

@misc{web:scholar-1,
    howpublished = "\url{https://scholar.google.pl/scholar?q="embedded+linux+build+systems"}",
    note = "[Online; access 2017-06-01]"
}

@misc{web:scholar-2,
    howpublished = "\url{https://scholar.google.pl/scholar?q="embedded+linux+build+system"}",
    note = "[Online; access 2017-06-01]"
}